<?xml version="1.0" encoding="UTF-8"?><collection xmlns="http://www.loc.gov/MARC21/slim"><record><leader>00448nam--2200145-i-4500</leader><controlfield tag="001">000015148</controlfield><controlfield tag="002">20161230</controlfield><controlfield tag="005">20161230201031</controlfield><controlfield tag="008">060222s1000------------r-----000-0-eng-d</controlfield><datafield ind1=" " ind2=" " tag="080"><subfield code="a">669</subfield></datafield><datafield ind1=" " ind2=" " tag="100"><subfield code="a">Barrett, Charles S</subfield></datafield><datafield ind1=" " ind2=" " tag="245"><subfield code="a">Structure of metals. crystallographic methods, principles and data</subfield></datafield><datafield ind1=" " ind2=" " tag="260"><subfield code="a">New York, Mcgraw-hill Book Company, Inc., 1952 Xvi + 661 P</subfield></datafield><datafield ind1=" " ind2=" " tag="490"><subfield code="a">Metallurgy And Metallurgical Engineering Series</subfield></datafield><datafield ind1=" " ind2=" " tag="852"><subfield code="a">77296</subfield></datafield></record></collection>